%% chaine de traitement %%%%%%%%%%%%%%%%%%%%%%%%%%%%%%%%%%%%%%%%%%%%%%%%%%%%%%%%%%%%%%% 

@book{yost1994fundamentals,
  title={Fundamentals of hearing: An introduction},
  author={Yost, William A},
  year={1994},
  publisher={Academic Press}
}

@book{mcadams1994penser,
  title={Penser les sons: psychologie cognitive de l'audition},
  author={McAdams, Stephen and Bigand, Emmanuel},
  year={1994},
  publisher={Presses Univ. de France}
}

%% neuroscience %%%%%%%%%%%%%%%%%%%%%%%%%%%%%%%%%%%%%%%%%%%%%%%%%%%%%%%%%%%%%%% 

@article{winkler2009modeling,
  title={Modeling the auditory scene: predictive regularity representations and perceptual objects},
  author={Winkler, Istvan and Denham, Susan L and Nelken, Israel},
  journal={Trends in cognitive sciences},
  volume={13},
  number={12},
  pages={532--540},
  year={2009},
  publisher={Elsevier}
}

@article{snyder2007toward,
  title={Toward a neurophysiological theory of auditory stream segregation.},
  author={Snyder, Joel S and Alain, Claude},
  journal={Psychological bulletin},
  volume={133},
  number={5},
  pages={780},
  year={2007},
  publisher={American Psychological Association}
}

@article{cusack2004effects,
  title={Effects of location, frequency region, and time course of selective attention on auditory scene analysis.},
  author={Cusack, Rhodri and Decks, John and Aikman, Genevieve and Carlyon, Robert P},
  journal={Journal of Experimental Psychology: Human Perception and Performance},
  volume={30},
  number={4},
  pages={643},
  year={2004},
  publisher={American Psychological Association}
}

%% ASA %%%%%%%%%%%%%%%%%%%%%%%%%%%%%%%%%%%%%%%%%%%%%%%%%%%%%%%%%%%%%%% 

@article{carlyon2002continuity,
  title={The continuity illusion and vowel identification},
  author={Carlyon, Robert P and Deeks, John and Norris, Dennis and Butterfield, Sally},
  journal={Acta Acustica United with Acustica},
  volume={88},
  number={3},
  pages={408--415},
  year={2002},
  publisher={S. Hirzel Verlag}
}

@book{bregman1994auditory,
  title={Auditory scene analysis: The perceptual organization of sound},
  author={Bregman, Albert S},
  year={1994},
  publisher={MIT press}
}

@article{ballas1987interpreting,
  title={Interpreting the language of environmental sounds},
  author={Ballas, James A and Howard, James H},
  journal={Environment and behavior},
  volume={19},
  number={1},
  pages={91--114},
  year={1987},
  publisher={Sage Publications}
}

@article{dannenbring1976perceived,
  title={Perceived auditory continuity with alternately rising and falling frequency transitions.},
  author={Dannenbring, Gary L},
  journal={Canadian Journal of Psychology},
  volume={30},
  number={2},
  pages={99},
  year={1976},
  publisher={University of Toronto Press}
}



%% soundscape %%%%%%%%%%%%%%%%%%%%%%%%%%%%%%%%%%%%%%%%%%%%%%%%%%%%%%%%%%%%%%% 

@article{aletta2016soundscape,
  title={Soundscape descriptors and a conceptual framework for developing predictive soundscape models},
  author={Aletta, Francesco and Kang, Jian and Axelsson, {\"O}sten},
  journal={Landscape and Urban Planning},
  volume={149},
  pages={65--74},
  year={2016},
  publisher={Elsevier}
}

@article{ricciardi2015sound,
  title={Sound quality indicators for urban places in Paris cross-validated by Milan data},
  author={Ricciardi, Paola and Delaitre, Pauline and Lavandier, Catherine and Torchia, Francesca and Aumond, Pierre},
  journal={The Journal of the Acoustical Society of America},
  volume={138},
  number={4},
  pages={2337--2348},
  year={2015},
  publisher={Acoustical Society of America}
}

@techreport{iso12913,
  title={ISO 12913-1:2014 acoustics-soundscape-part 1: definition and conceptual framework},
  author={International Organization for Standardization},
  institution={ISO},
  address={Gen√®ve},
  year={2013}
}

@article{kardous2014evaluation,
  title={Evaluation of smartphone sound measurement applicationsa)},
  author={Kardous, Chucri A and Shaw, Peter B},
  journal={The Journal of the Acoustical Society of America},
  volume={135},
  number={4},
  pages={EL186--EL192},
  year={2014},
  publisher={Acoustical Society of America}
}

@article{hong2013designing,
  title={Designing sound and visual components for enhancement of urban soundscapes},
  author={Hong, Joo Young and Jeon, Jin Yong},
  journal={The Journal of the Acoustical Society of America},
  volume={134},
  number={3},
  pages={2026--2036},
  year={2013},
  publisher={Acoustical Society of America}
}

@inproceedings{nielbo2013investigating,
  title={Investigating soundscape affordances through activity appropriateness},
  author={Nielbo, Frederik L and Steele, Daniel and Guastavino, Catherine},
  booktitle={Proceedings of Meetings on Acoustics},
  volume={19},
  number={1},
  pages={040059},
  year={2013},
  organization={Acoustical Society of America}
}

@article{cain2013development,
  title={The development and application of the emotional dimensions of a soundscape},
  author={Cain, Rebecca and Jennings, Paul and Poxon, John},
  journal={Applied Acoustics},
  volume={74},
  number={2},
  pages={232--239},
  year={2013},
  publisher={Elsevier}
}

@article{jeon2013soundwalk,
  title={Soundwalk approach to identify urban soundscapes individually},
  author={Jeon, Jin Yong and Hong, Joo Young and Lee, Pyoung Jik},
  journal={The Journal of the Acoustical Society of America},
  volume={134},
  number={1},
  pages={803--812},
  year={2013},
  publisher={Acoustical Society of America}
}


@article{torija2013application,
  title={Application of a methodology for categorizing and differentiating urban soundscapes using acoustical descriptors and semantic-differential attributes},
  author={Torija, Antonio J and Ruiz, Diego P and Ramos-Ridao, AF},
  journal={The Journal of the Acoustical Society of America},
  volume={134},
  number={1},
  pages={791--802},
  year={2013},
  publisher={Acoustical Society of America}
}

@article{hall2013exploratory,
  title={An exploratory evaluation of perceptual, psychoacoustic and acoustical properties of urban soundscapes},
  author={Hall, Deborah A and Irwin, Amy and Edmondson-Jones, Mark and Phillips, Scott and Poxon, John EW},
  journal={Applied Acoustics},
  volume={74},
  number={2},
  pages={248--254},
  year={2013},
  publisher={Elsevier}
}

@inproceedings{ribeiro2013heart,
  title={At the heart of Harmonica project: the Common Noise Index (CNI)},
  author={Ribeiro, Carlos and Anselme, Celine and Mietlicki, Fanny and Vincent, Bruno and Da Silva, Raphael and Gaudibert, Piotr},
  booktitle={Proceedings of 42nd International Congress on Noise Control Engineering, Internoise,(2013, Innsbruck, Austria)},
  year={2013}
}

@inproceedings{schulte2013soundscape,
  title={Soundscape-focusing on resources},
  author={Schulte-Fortkamp, Brigitte},
  booktitle={Proceedings of Meetings on Acoustics},
  volume={19},
  number={1},
  pages={040117},
  year={2013},
  organization={Acoustical Society of America}
}

@article{davies2013perception,
  title={Perception of soundscapes: An interdisciplinary approach},
  author={Davies, William J and Adams, Mags D and Bruce, Neil S and Cain, Rebecca and Carlyle, Angus and Cusack, Peter and Hall, Deborah A and Hume, Ken I and Irwin, Amy and Jennings, Paul and others},
  journal={Applied acoustics},
  volume={74},
  number={2},
  pages={224--231},
  year={2013},
  publisher={Elsevier}
}

@inproceedings{brocolini2012prediction,
  title={Prediction and explanation of sound quality indicators by multiple linear regressions and artificial neural networks},
  author={Brocolini, Laurent and Lavandier, Catherine and Marquis-Favre, Catherine and Quoy, Mathias and Lavandier, Mathieu},
  booktitle={Proc. IOA/CFA congress, Acoustics},
  year={2012}
}

@article{schulte2010soundscape,
  title={Soundscape research in networking across countries: COST Action TD0804.},
  author={Schulte-Fortkamp, Brigitte and Kang, Jian},
  journal={The Journal of the Acoustical Society of America},
  volume={127},
  number={3},
  pages={1801--1801},
  year={2010},
  publisher={Acoustical Society of America}
}

@article{kang2010semantic,
  title={Semantic differential analysis of the soundscape in urban open public spaces},
  author={Kang, Jian and Zhang, M},
  journal={Building and environment},
  volume={45},
  number={1},
  pages={150--157},
  year={2010},
  publisher={Elsevier}
}

@inproceedings{niessen2010categories,
  title={Categories for soundscape: toward a hybrid classification},
  author={Niessen, Maria and Cance, Caroline and Dubois, Daniele},
  booktitle={Inter-Noise and Noise-Con Congress and Conference Proceedings},
  volume={2010},
  number={5},
  pages={5816--5829},
  year={2010},
  organization={Institute of Noise Control Engineering}
}

@inproceedings{salford2106,
       booktitle = {Internoise 2009},
           month = {August},
           title = {The positive soundscape project: a synthesis of results from many disciplines},
          author = {WJ Davies and MD Adams and NS Bruce and M Marselle and R Cain and P Jennings and J Poxon and A Carlyle and P Cusack and DA Hall and A Irwin and KI Hulme and CJ Plack},
            year = {2009}
}

@inproceedings{adams2008soundwalking,
  title={Soundwalking as a methodology for understanding soundscapes},
  author={Adams, Mags D and Bruce, Neil S and Davies, William J and Cain, Rebecca and Jennings, Paul and Carlyle, Angus and Cusack, Peter and Hume, Ken and Plack, C},
  year={2008},
  booktitle = {Proceedings of the Institute of Acoustics},
volume={30},
  number={2},
}

@article{guastavino2007categorization,
  title={Categorization of environmental sounds.},
  author={Guastavino, Catherine},
  journal={Canadian Journal of Experimental Psychology/Revue canadienne de psychologie exp{\'e}rimentale},
  volume={61},
  number={1},
  pages={54},
  year={2007},
  publisher={Canadian Psychological Association}
}

@article{schulte2007soundscape,
  title={Soundscape: An Approach to Rely on Human Perception and Expertise in the Post-Modern Community Noise Era},
  author={Schulte-Fortkamp, Brigitte and Brooks, Bennett M and Bray, Wade R},
  journal={Acoustics Today},
  volume={3},
  number={1},
  pages={7--15},
  year={2007},
  publisher={Acoustical Society of America}
}

@article{lavandier2006contribution,
  title={The contribution of sound source characteristics in the assessment of urban soundscapes},
  author={Lavandier, Catherine and Defr{\'e}ville, Boris},
  journal={Acta Acustica united with Acustica},
  volume={92},
  number={6},
  pages={912--921},
  year={2006},
  publisher={S. Hirzel Verlag}
}


@article{raimbault2006qualitative,
  title={Qualitative judgements of urban soundscapes: Questionning questionnaires and semantic scales},
  author={Raimbault, Manon},
  journal={Acta acustica united with acustica},
  volume={92},
  number={6},
  pages={929--937},
  year={2006},
  publisher={S. Hirzel Verlag}
}

@book{kang2006urban,
  title={Urban sound environment},
  author={Kang, Jian},
  year={2006},
  publisher={CRC Press}
}

@article{schulte2006soundscape,
  title={Soundscape analysis in a residential area: An evaluation of noise and people's mind},
  author={Schulte-Fortkamp, Brigitte and Fiebig, Andre},
  journal={Acta Acustica united with Acustica},
  volume={92},
  number={6},
  pages={875--880},
  year={2006},
  publisher={S. Hirzel Verlag}
}

@article{dubois2006cognitive,
  title={A cognitive approach to urban soundscapes: Using verbal data to access everyday life auditory categories},
  author={Dubois, Dani{\`e}le and Guastavino, Catherine and Raimbault, Manon},
  journal={Acta acustica united with acustica},
  volume={92},
  number={6},
  pages={865--874},
  year={2006},
  publisher={S. Hirzel Verlag}
}

@article{guastavino2006ideal,
  title={The ideal urban soundscape: Investigating the sound quality of French cities},
  author={Guastavino, Catherine},
  journal={Acta Acustica united with Acustica},
  volume={92},
  number={6},
  pages={945--951},
  year={2006},
  publisher={S. Hirzel Verlag}
}

@article{guastavino2005ecological,
  title={Ecological validity of soundscape reproduction},
  author={Guastavino, Catherine and Katz, Brian FG and Polack, Jean-Dominique and Levitin, Daniel J and Dubois, Daniele},
  journal={Acta Acustica united with Acustica},
  volume={91},
  number={2},
  pages={333--341},
  year={2005},
  publisher={S. Hirzel Verlag}
}


@article{raimbault2005urban,
  title={Urban soundscapes: Experiences and knowledge},
  author={Raimbault, Manon and Dubois, Daniele},
  journal={Cities},
  volume={22},
  number={5},
  pages={339--350},
  year={2005},
  publisher={Elsevier}
}

@article{axelsson2005soundscape,
  title={Soundscape assessment},
  author={Axelsson, Osten and Berglund, Birgitta and Nilsson, Mats E},
  journal={The Journal of the Acoustical Society of America},
  volume={117},
  number={4},
  pages={2591--2592},
  year={2005},
  publisher={Acoustical Society of America}
}

@article{yang2005acoustic,
  title={Acoustic comfort evaluation in urban open public spaces},
  author={Yang, Wei and Kang, Jian},
  journal={Applied acoustics},
  volume={66},
  number={2},
  pages={211--229},
  year={2005},
  publisher={Elsevier}
}

@inproceedings{defreville2004aactivity,
  title={Activity of urban sound sources},
  author={Defr{\'e}ville, Boris and Lavandier, Catherine and Laniray, Marc},
  booktitle = {Proceedings of the 18th International Congress in Acoustics},	
  address = {Kyoto},
  year = {2004}	
}

@article{guastavino2004perceptual,
  title={Perceptual evaluation of multi-dimensional spatial audio reproduction},
  author={Guastavino, Catherine and Katz, Brian FG},
  journal={The Journal of the Acoustical Society of America},
  volume={116},
  number={2},
  pages={1105--1115},
  year={2004},
  publisher={Acoustical Society of America}
}


@article{guastavino2003approche,
  title={Une approche psycholinguistique de la perception des basses fr{\'e}quences: Conceptualisations en langue, repr{\'e}sentations cognitives et validit{\'e} {\'e}cologique},
  author={Guastavino, Catherine and Chemin{\'e}e, Pascale},
  journal={Psychologie fran{\c{c}}aise},
  volume={48},
  number={4},
  pages={91--101},
  year={2003}
}


@techreport{maffiolo_marieParis_1997,
  title={M{\'e}thodes d‚Äôapproche de l'environnement sonore urbain},
  author={Maffiolo, Val{\'e}rie},
  institution={Mairie de Paris, Direction de la protection de l'environnement, SPAAS},
  address={Paris, France},
  year={1997}
}

@book{schafer1977tuning,
  title={The Tuning of the World},
  author={Schafer, R.M.},
  series={Borzoi book},
  year={1977},
  publisher={Knopf},
  address={New York},
  note={(Reprinted as \textit{Our Sonic Environment and the Soundscape: The Tuning of the World}. Destiny Books, 1994)}
}

@book{truax1978handbook,
  title={Handbook for acoustic ecology},
  author={Truax, Barry},
  year={1978},
  publisher={simon fraser university and ARC Publications},
  note={(originally published by the world soundscape project)}
}

@book{schafer1969new,
  title={The New Soudscape: A Handbook for the Modern Music Teacher},
  author={Schafer, R.M.},
  year={1969},
  publisher={Ontario: Berandol Music Limited}
}

%% Psychologie cognitive %%%%%%%%%%%%%%%%%%%%%%%%%%%%%%%%%%%%%%%%%%%%%%%%%%%%%%%%%%%%%%% 

@article{goldstone2003concepts,
  title={Concepts and categorization},
  author={Goldstone, Robert L and Kersten, Alan},
  journal={Handbook of psychology},
  year={2003},
  publisher={Wiley Online Library}
}


@article{barsalou2010grounded,
  title={Grounded cognition: Past, present, and future},
  author={Barsalou, Lawrence W},
  journal={Topics in cognitive science},
  volume={2},
  number={4},
  pages={716--724},
  year={2010},
  publisher={Wiley Online Library}
}

@article{barsalou1999perceptions,
  title={Perceptions of perceptual symbols},
  author={Barsalou, Lawrence W},
  journal={Behavioral and brain sciences},
  volume={22},
  number={04},
  pages={637--660},
  year={1999},
  publisher={Cambridge Univ Press}
}

@article{goldstone1998reuniting,
  title={Reuniting perception and conception},
  author={Goldstone, Robert L and Barsalou, Lawrence W},
  journal={Cognition},
  volume={65},
  number={2},
  pages={231--262},
  year={1998},
  publisher={Elsevier}
}

@book{houde1998vocabulaire,
  title={Vocabulaire de sciences cognitives},
  author={Houd{\'e}, Olivier and Kayser, Daniel and Koenig, Olivier and Proust, Jo{\"e}lle and Rastier, Fran{\c{c}}ois},
  publisher={Paris: Presses Universitaires de France},
  year={1998}
}

@book{dubois1991semantique,
  title={S{\'e}mantique et cognition: cat{\'e}gories, prototypes, typicalit{\'e}},
  author={Dubois, Dani{\`e}le},
  year={1991},
  publisher={Diffusion, Presses du CNRS}
}

@article{nosofsky1986attention,
  title={Attention, similarity, and the identification--categorization relationship.},
  author={Nosofsky, Robert M},
  journal={Journal of experimental psychology: General},
  volume={115},
  number={1},
  pages={39},
  year={1986},
  publisher={American Psychological Association}
}

@article{medin1978context,
  title={Context theory of classification learning.},
  author={Medin, Douglas L and Schaffer, Marguerite M},
  journal={Psychological review},
  volume={85},
  number={3},
  pages={207},
  year={1978},
  publisher={American Psychological Association}
}

@article{gibson1978ecological,
  title={The ecological approach to the visual perception of pictures},
  author={Gibson, James J},
  journal={Leonardo},
  volume={11},
  number={3},
  pages={227--235},
  year={1978},
  publisher={JSTOR}
}

@book{rosch1978cognition,
  title={Cognition and categorization},
  author={Rosch, Eleanor and Lloyd, Barbara B},
  year={1978},
  publisher={Hillsdale, New Jersey}
}

@article{tversky1977features,
  title={Features of similarity.},
  author={Tversky, Amos},
  journal={Psychological review},
  volume={84},
  number={4},
  pages={327},
  year={1977},
  publisher={American Psychological Association}
}

@book{neisser1976cognition,
  title={Cognition and reality: principles and implications of cognitive psychology},
  author={Neisser, Ulric},
  year={1976},
  publisher={WH Freeman}
}

@article{rosch1976structural,
  title={Structural bases of typicality effects},
  author={Rosch, Eleanor and Simpson, Carol and Miller, R Scott},
  journal={Journal of Experimental Psychology: Human perception and performance},
  volume={2},
  number={4},
  pages={491},
  year={1976},
  publisher={American Psychological Association}
}

@article{rosch1975family,
  title={Family resemblances: Studies in the internal structure of categories},
  author={Rosch, Eleanor and Mervis, C B},
  journal={Cognitive Psychology},
  volume={7},
  pages={573--605},
  year={1975}
}

@article{rosch1975cognitive,
  title={Cognitive representations of semantic categories.},
  author={Rosch, Eleanor},
  journal={Journal of experimental psychology: General},
  volume={104},
  number={3},
  pages={192},
  year={1975},
  publisher={American Psychological Association}
}

@book{rosch1974human,
  title={Huamn communication: Theoretical perspectives},
  author={Rosch, Eleanor and Lloyd, Barbara B},
  year={1974},
  publisher={Halsted Press, New York}
}

@article{reed1972pattern,
  title={Pattern recognition and categorization},
  author={Reed, Stephen K},
  journal={Cognitive psychology},
  volume={3},
  number={3},
  pages={382--407},
  year={1972},
  publisher={Elsevier}
}

@book{neisser1967cognitive,
  title={Cognitive psychology},
  author={Neisser, Ulric},
  year={1967},
  publisher={Appleton-Century-Crofts},
  address={New York},
  note={(Reprinted as \textit{Cognitive psychology: Classic edition}. Psychology Press, 2014)}
}

@book{gibson1966senses,
  title={The senses considered as perceptual systems.},
  author={Gibson, James Jerome},
  year={1966},
  publisher={Houghton Mifflin},
  address={Boston}
}

%% texture %%%%%%%%%%%%%%%%%%%%%%%%%%%%%%%%%%%%%%%%%%%%%%%%%%%%%%%%%%%%%

@article{mcdermott2013summary,
  title={Summary statistics in auditory perception},
  author={McDermott, Josh H and Schemitsch, Michael and Simoncelli, Eero P},
  journal={Nature neuroscience},
  volume={16},
  number={4},
  pages={493--498},
  year={2013},
  publisher={Nature Publishing Group}
}


@article{mcdermott2011sound,
  title={Sound texture perception via statistics of the auditory periphery: evidence from sound synthesis},
  author={McDermott, Josh H and Simoncelli, Eero P},
  journal={Neuron},
  volume={71},
  number={5},
  pages={926--940},
  year={2011},
  publisher={Elsevier}
}

@inproceedings{schwarz2011state,
  title={State of the art in sound texture synthesis},
  author={Schwarz, Diemo},
  booktitle={Digital Audio Effects (DAFx)},
  pages={1--1},
  year={2011}
}


%% th√®se %%%%%%%%%%%%%%%%%%%%%%%%%%%%%%%%%%%%%%%%%%%%%%%%%%%%%%%%%%%%%%% 

@phdthesis{maffiolo_caracterisation_1999,
  title={De la caract{\'e}risation s{\'e}mantique et acoustique de la qualit{\'e} sonore de l'environnement urbain, (\textit{Semantic and acoustical characterisation of the sound quality of urban environment})},
  author={Maffiolo, Val{\'e}rie},
  school={Universit{\'e} du Mans},
  address={Le Mans, France},
  year={1999}
}

@phdthesis{guastavino_etude_2003,
  title={Etude s{\'e}mantique et acoustique de la perception des basses fr{\'e}quences dans l‚Äôenvironnement sonore urbain, (\textit{Semantic and acoustic study of lowfrequency noises perception in urban sound environment})},
  author={Guastavino, Catherine},
  school={Universit{\'e} Paris VI},
  address={Paris, France},
  year={2003}
}

@phdthesis{Houix03f,
   author = {Houix, Olivier},
   title = {Cat{\'e}gorisation auditive des sources sonores, (\textit{Sound sources Categorization})},
   school = {Universit{\'e} du Maine},
   address={France},
   year = {2003}
}

@mastersthesis{saint1995classification,
  title={Classification of sound textures},
  author={Saint-Arnaud, Nicolas},
  year={1995},
  school={Massachusetts Institute of Technology}
}



