@article{lafayJAES,
  TITLE = {Semantic browsing of sound databases without keywords},
  AUTHOR = {Lafay, Gr{\'e}goire and Misdariis, Nicolas and Lagrange, Mathieu and Rossignol, Mathias},
  URL = {https://hal.archives-ouvertes.fr/hal-01300399},
  journal={Journal of the Audio Engineering Society},
  YEAR = {2016},
  MONTH = {Apr}
}

@ARTICLE{Tsai2012,
  author = {Hsin-Yi Tsai and Melanie Siebenhaar and Andr{\'e} Miede and Yu-Lun
	Huang and Ralf Steinmetz},
  title = {{T}hreat as a {S}ervice? {V}irtualization's {I}mpact on {C}loud {S}ecurity},
  journal = {IEEE IT Professional},
  year = {2012},
  volume = {14},
  pages = {32--37},
  number = {1},
  issn = {1520-9202}
}

@comment{jabref-meta: groupsversion:3;}

@comment{jabref-meta: groupstree:
0 AllEntriesGroup:;
1 KeywordGroup:ERGÄNZEN\;0\;keywords\;ergänzen\;0\;0\;;
1 KeywordGroup:classicthesis\;0\;keywords\;classicthesis\;0\;0\;;
}
