@inproceedings{rossignol2015simscene,
  title={SimScene: a web-based acoustic scenes simulator},
  author={Rossignol, Mathias and Lafay, Gr{\'e}goire and Lagrange, Mathieu and Misdariis, Nicolas},
  booktitle={1st Web Audio Conference (WAC)},
  year={2015}
}

@inproceedings{rossignol2015alternate,
  title={Alternate level clustering for drum transcription},
  author={Rossignol, Mathias and Lagrange, Mathieu and Lafay, Gr{\'e}goire and Benetos, Emmanouil},
  booktitle={Signal Processing Conference (EUSIPCO), 2015 23rd European},
  pages={2023--2027},
  year={2015},
  organization={IEEE}
}

@INPROCEEDINGS{benetos2016detection,
author={E. Benetos and G. Lafay and M. Lagrange and M. D. Plumbley},
booktitle={2016 IEEE International Conference on Acoustics, Speech and Signal Processing (ICASSP)},
title={Detection of overlapping acoustic events using a temporally-constrained probabilistic model},
year={2016},
pages={6450-6454},
keywords={acoustic signal processing;hidden Markov models;ERB spectrogram;HMM;Hidden Markov Models;acoustic scene simulator;equivalent rectangular bandwidth;event density;input time-frequency representation;overlapping acoustic event detection;polyphonic datasets;probabilistic latent component analysis;sound event dictionary;sound events;spectral templates;synthesized monophonic datasets;temporally constrained probabilistic model;Acoustics;Computational modeling;Event detection;Hidden Markov models;Indexes;Spectrogram;Time-frequency analysis;Acoustic event detection;hidden Markov models;probabilistic latent component analysis},
doi={10.1109/ICASSP.2016.7472919},
month={March}
}

@article{lafay2016morphological,
author={G. Lafay and M. Lagrange and E. Benetos and M. Rossignol and A. Roebel},
journal={IEEE/ACM Transactions on Audio, Speech, and Language Processing},
title={A Morphological Model for Simulating Acoustic Scenes and Its Application to Sound Event Detection},
year={2016},
volume={PP},
number={99},
pages={1-1},
keywords={Acoustics;Computational modeling;Event detection;IEEE transactions;Image analysis;Speech;Speech processing;Sound event detection;acoustic scene analysis;computational auditory scene analysis;experimental validation},
doi={10.1109/TASLP.2016.2587218},
ISSN={2329-9290},
month={},}

@unpublished{benetos2016detectionLDC,
  TITLE = {Polyphonic Sound Event Tracking using LDS},
  AUTHOR = {Benetos, Emmanouil and Lafay, Gr{\'e}goire and Lagrange, Mathieu },
  journal={IEEE Transactions on audio, speech and language processing, Special issue on Sound Scene and Event Analysis, (submitted)},
  YEAR = {2016}
}

@unpublished{dcase2016,
  TITLE = {Results of the DCASE 2016 challenge},
  AUTHOR = {Lagrange, Mathieu and Lafay, Gr{\'e}goire},
  journal={IEEE Transactions on audio, speech and language processing, (under redaction)},
  YEAR = {2016}
}
