%% non lié à la thèse 

@article{Lostenlen2016ScatteringObjet,
  title = {Auditory Scene Similarity Retrieval and Classification with Relevance-based Quantization of Scattering Features},
  author = {Lostanlen, Vincent and Lafay, Gr{\'e}goire and Anden, Joakim and Lagrange, Mathieu},
  journal={IEEE/ACM Transactions on audio, speech and language processing, Special issue on Sound Scene and Event Analysis, (AQ)},
  year = {2016}
}

