@inproceedings{lafay2014new,
  title={A new experimental approach for urban soundscape characterization based on sound manipulation: A pilot study},
  author={Lafay, Gr{\'e}goire and Rossignol, Mathias and Misdariis, Nicolas and Lagrange, Mathieu and Petiot, Jean-Fran{\c{c}}ois},
  booktitle={International Symposium on Musical Acoustics},
  year={2014}
}


@article{lagrange2015bag,
  title={The bag-of-frames approach: a not so sufficient model for urban soundscapes},
  author={Lagrange, Mathieu and Lafay, Gr{\'e}goire and Defreville, Boris and Aucouturier, Jean-Julien},
  journal={The Journal of the Acoustical Society of America, express letter},
  volume={138},
  number={5},
  pages={EL487--EL492},
  year={2015},
  publisher={Acoustical Society of America}
}

@article{lafay2016JAES,
  TITLE = {Semantic browsing of sound databases without keywords},
  AUTHOR = {Lafay, Gr{\'e}goire and Misdariis, Nicolas and Lagrange, Mathieu and Rossignol, Mathias},
  journal={Journal of the Audio Engineering Society},
  YEAR = {2016},
  MONTH = {Apr}
}

@article{lafay2016actaPartOne,
  TITLE = {Investigating soundscapes perception through acoustic scenes simulation. Part I: simulation protocol presentation and case study},
  AUTHOR = {Lafay, Gr{\'e}goire and Lagrange, Mathieu and Petiot, Jean-Fran{\c{c}}ois and Rossignol, Mathias and Misdariis, Nicolas},
  journal={The Journal of the Acoustical Society of America, (under revision)},
  YEAR = {2016}
}

@article{lafay2016actaPartTwo,
  TITLE = {Investigating soundscapes perception through acoustic scenes simulation. Part II: complementary experiments},
  AUTHOR = {Lafay, Gr{\'e}goire and Lagrange, Mathieu and Petiot, Jean-Fran{\c{c}}ois and Rossignol, Mathias and Misdariis, Nicolas},
  journal={The Journal of the Acoustical Society of America, (under revision)},
  YEAR = {2016}
}
