% Conférence

@inproceedings{lafay2014new,
  	title={A new experimental approach for urban soundscape characterization based on sound manipulation: A pilot study},
  	author={Lafay, Gr{\'e}goire and Rossignol, Mathias and Misdariis, Nicolas and Lagrange, Mathieu and Petiot, Jean-Fran{\c{c}}ois},
  	booktitle={Proceedings of the International Symposium on Musical Acoustics (ISMA)},
	year={2014},
	month={July},
	address={Le Mans, France},
	organization={SFA}
}

@inproceedings{rossignol2015simscene,
  	title={SimScene: a web-based acoustic scenes simulator},
  	author={Rossignol, Mathias and Lafay, Gr{\'e}goire and Lagrange, Mathieu and Misdariis, Nicolas},
  	booktitle={Proceedings of the Web Audio Conference (WAC)},
	year={2015},
  	month={January},
  	address={Paris, France},
	organization={IRCAM}
}

@inproceedings{rossignol2015alternate,
  	title={Alternate level clustering for drum transcription},
  	author={Rossignol, Mathias and Lagrange, Mathieu and Lafay, Gr{\'e}goire and Benetos, Emmanouil},
  	booktitle={Proceedings of the European Signal Processing Conference (EUSIPCO)},
	year={2015},
	month={Aug},
  	pages={2023--2027},
  	address={Nice, France},
	organization={IEEE}
}

@inproceedings{benetos2016detection,
	title={Detection of overlapping acoustic events using a temporally-constrained probabilistic model},
	author={Benetos, Emmanouil and Lafay, Gr{\'e}goire and Lagrange, Mathieu and Plumbley, Mark D.},
	booktitle={Proceedings of the International Conference on Acoustics Speech and Signal Processing (ICASSP)},
	year={2016},
	month={March},
	pages={6450--6454},
	address={Shanghai, China},
	organization={IEEE}
}


