%% journaux

@article{lagrange2015bag,
	author={Lagrange, Mathieu and Lafay, Gr{\'e}goire and Defreville, Boris and Aucouturier, Jean-Julien},
	title={The bag-of-frames approach: a not so sufficient model for urban soundscapes},
	journal={The Journal of the Acoustical Society of America, express letter},
	year={2015},
	volume={138},
	number={5},
	pages={487--492},
	publisher={Acoustical Society of America}
}

@article{lafay2016morphological,
	author={Lafay, Gr{\'e}goire and Lagrange, Mathieu and Benetos, Emmanouil and Rossignol, Mathias and Roebel, Axel},
	journal={IEEE/ACM Transactions on Audio, Speech, and Language Processing}, 
	title={A Morphological Model for Simulating Acoustic Scenes and Its Application to Sound Event Detection},
	year={2016}, 
	month = {Oct},
	volume={24}, 
	number={10}, 
	pages={1854--1864}
}

@article{lafay2016JAES,
	author = {Lafay, Gr{\'e}goire and Misdariis, Nicolas and Lagrange, Mathieu and Rossignol, Mathias},
	journal={Journal of the Audio Engineering Society},
	title = {Semantic browsing of sound databases without keywords},
	year = {2016},
	month = {Apr},
	volume={64}, 
	number={9}, 
	pages={628--635}
}

@article{benetos2016detectionLDC,
	author = {Benetos, Emmanouil and Lafay, Gr{\'e}goire and Lagrange, Mathieu },
	journal={IEEE/ACM Transactions on audio, speech and language processing, Special issue on Sound Scene and Event Analysis, (accepted)},
	title = {Polyphonic Sound Event Tracking using Linear Dynamical Systems},
 	YEAR = {2016}
}



