%% ml

@article{lagrange2015bag,
  title={The bag-of-frames approach: a not so sufficient model for urban soundscapes},
  author={Lagrange, Mathieu and Lafay, Gr{\'e}goire and Defreville, Boris and Aucouturier, Jean-Julien},
  journal={The Journal of the Acoustical Society of America, express letter},
  volume={138},
  number={5},
  pages={EL487--EL492},
  year={2015},
  publisher={Acoustical Society of America}
}

@unpublished{Lostenlen2016ScatteringObjet,
  TITLE = {Object-based Auditory Scenes Similarity Retrieval and Classification With Wavelet Scattering},
  AUTHOR = {Lostanlen, Vincent and Lafay, Gr{\'e}goire and Anden, Joakim and Lagrange, Mathieu },
  journal={IEEE Transactions on audio, speech and language processing, Special issue on Sound Scene and Event Analysis, (submitted)},
  YEAR = {2016}
}



